<record><leader>00000cas a22000007a 4500</leader><controlfield tag="001">10495904</controlfield><controlfield tag="008">840307d18381851vtuwr ne      0    0eng d</controlfield><datafield ind1=" " ind2=" " tag="010"><subfield code="a">sn 84022636 </subfield></datafield><datafield ind1=" " ind2=" " tag="040"><subfield code="a">NPX</subfield><subfield code="b">eng</subfield><subfield code="c">NPX</subfield><subfield code="d">YOX</subfield><subfield code="d">OCL</subfield><subfield code="d">NVN</subfield><subfield code="d">OCLCQ</subfield><subfield code="d">OCLCF</subfield><subfield code="d">OCLCO</subfield></datafield><datafield ind1=" " ind2=" " tag="042"><subfield code="a">msc</subfield></datafield><datafield ind1=" " ind2=" " tag="043"><subfield code="a">n-us-vt</subfield></datafield><datafield ind1="0" ind2="4" tag="245"><subfield code="a">The Vermont republic.</subfield></datafield><datafield ind1=" " ind2=" " tag="260"><subfield code="a">Bellows Falls, Vt. :</subfield><subfield code="b">J.F. Colby</subfield></datafield><datafield ind1=" " ind2=" " tag="300"><subfield code="a">v. ;</subfield><subfield code="c">56 cm.</subfield></datafield><datafield ind1=" " ind2=" " tag="310"><subfield code="a">Weekly</subfield></datafield><datafield ind1="1" ind2=" " tag="362"><subfield code="a">Began in 1838; ceased in l851?</subfield><subfield code="z">Cf. Gregory, W. Amer. newspapers.</subfield></datafield><datafield ind1=" " ind2=" " tag="500"><subfield code="a">Editor: J.F. Colby &lt;1850-1851&gt;.</subfield></datafield><datafield ind1=" " ind2=" " tag="588"><subfield code="a">Description based on: Vol. 14, no. 12 (June 11, l850).</subfield></datafield><datafield ind1=" " ind2="0" tag="651"><subfield code="a">Bellows Falls (Vt.)</subfield><subfield code="v">Newspapers.</subfield></datafield><datafield ind1=" " ind2="7" tag="655"><subfield code="a">Newspapers.</subfield><subfield code="2">fast</subfield><subfield code="0">(OCoLC)fst01423814</subfield></datafield><datafield ind1=" " ind2="7" tag="651"><subfield code="a">Vermont</subfield><subfield code="z">Bellows Falls.</subfield><subfield code="2">fast</subfield><subfield code="0">(OCoLC)fst01222430</subfield></datafield><datafield ind1="1" ind2=" " tag="700"><subfield code="a">Colby, James F.</subfield></datafield><datafield ind1=" " ind2=" " tag="752"><subfield code="a">United States</subfield><subfield code="b">Vermont</subfield><subfield code="c">Windham</subfield><subfield code="d">Bellows Falls.</subfield></datafield><datafield ind1="0" ind2="0" tag="785"><subfield code="t">Vermont Republican (Brattleboro, Vt.)</subfield><subfield code="w">(DLC)sn 86071606</subfield><subfield code="w">(OCoLC)13728526</subfield></datafield></record>